<record><leader>00000cas a22000007a 4500</leader><controlfield tag="001">13039615</controlfield><controlfield tag="008">860120d18701872njuwr ne      0    0eng d</controlfield><datafield ind1=" " ind2=" " tag="010"><subfield code="a">sn 85035900 </subfield></datafield><datafield ind1=" " ind2=" " tag="040"><subfield code="a">NPA</subfield><subfield code="b">eng</subfield><subfield code="c">NPA</subfield><subfield code="d">NJW</subfield><subfield code="d">MGN</subfield><subfield code="d">OCLCQ</subfield></datafield><datafield ind1=" " ind2=" " tag="019"><subfield code="a">50480444</subfield></datafield><datafield ind1=" " ind2=" " tag="042"><subfield code="a">msc</subfield></datafield><datafield ind1="0" ind2=" " tag="130"><subfield code="a">Princetonian (Princeton, N.J. : 1870)</subfield></datafield><datafield ind1="1" ind2="4" tag="245"><subfield code="a">The Princetonian.</subfield></datafield><datafield ind1=" " ind2=" " tag="260"><subfield code="a">Princeton, N.J. :</subfield><subfield code="b">Prof. J.C. Moffat</subfield></datafield><datafield ind1=" " ind2=" " tag="300"><subfield code="a">v. ;</subfield><subfield code="c">51 cm.</subfield></datafield><datafield ind1=" " ind2=" " tag="310"><subfield code="a">Weekly</subfield></datafield><datafield ind1="1" ind2=" " tag="362"><subfield code="a">Began Apr. 7, 1870; ceased Dec. 28, 1872. Cf. Wright, W.C. and Stellhorn, P.A. Direct. of N.J. newspapers.</subfield></datafield><datafield ind1=" " ind2=" " tag="588"><subfield code="a">Description based on: New ser., v. 1, no. 4 (May 5, 1870).</subfield></datafield><datafield ind1=" " ind2=" " tag="752"><subfield code="a">United States</subfield><subfield code="b">New Jersey</subfield><subfield code="c">Mercer</subfield><subfield code="d">Princeton.</subfield></datafield><datafield ind1="0" ind2="0" tag="780"><subfield code="t">Princeton standard</subfield><subfield code="w">(DLC)sn 84026218</subfield><subfield code="w">(OCoLC)10350976</subfield></datafield><datafield ind1="0" ind2="0" tag="785"><subfield code="t">Princeton press (Princeton, N.J. : 1873)</subfield><subfield code="w">(DLC)sn 84026220</subfield><subfield code="w">(OCoLC)10340257</subfield></datafield></record>